% Websites

@misc{hbo2014,
	author = {{Dan Deeth, Sandvine}},
	title = {HBO GOes Down},
	date = {2014},
	url = {http://www.internetphenomena.com/2014/03/hbo-goes-down/},
	note = {[Online; accessed 15-March-2017]}
}

@misc{itunes2016,
	author = {{The Next Web}},
	title = {iTunes is down for many users around the world},
	date = {2016},
	url = {https://thenextweb.com/apple/2016/09/16/itunes-store-is-down-for-some-users},
	note = {[Online; accessed 15-March-2017]}
}

@misc{telegraph2011olympics,
  author = {{Nick Pearce, Telegraph}},
  title = {London Olympics 2012: ticket site temporarily crashes as it struggles to cope with second-round demand},
  year = {2011},
  url = {http://www.telegraph.co.uk/sport/olympics/8595834/London-Olympics-2012-ticket-site-temporarily-crashes-as-it-struggles-to-cope-with-second-round-demand.html},
  note = {[Online; accessed 2-March-2017]}
}

@misc{awsautoscaling,
  author = {{Amazon Web Services Inc}},
  title = {Auto Scaling},
  year = {2017},
  url = {https://aws.amazon.com/autoscaling/},
  note = {[Online; accessed 5-March-2017]}
}

@misc{azurescalesets,
  author = {{Microsoft}},
  title = {Virtual Machine Scale Sets},
  year = {2017},
  url = {https://azure.microsoft.com/en-us/services/virtual-machine-scale-sets/},
  note = {[Online; accessed 5-March-2017]}
}

@misc{microservicesdata,
  author = {{Christian Posta, Red Hat}},
  title = {The Hardest Part About Microservices: Your Data},
  year = {2016},
  url = {https://developers.redhat.com/blog/2016/08/02/the-hardest-part-about-microservices-your-data/},
  note = {[Online; accessed 5-March-2017]}
}

@article{lewis2014microservices,
  title={Microservices},
  author={Lewis, James and Fowler, Martin},
  journal={martinfowler.com},
  year={2014}
}

@misc{microservicesverticals,
  author = {Christian Posta},
  title = {Carving the Java EE Monolith Into Microservices: Prefer Verticals Not Layers},
  year = {2016},
  url = {http://blog.christianposta.com/microservices/carving-the-java-ee-monolith-into-microservices-perfer-verticals-not-layers/},
  note = {[Online; accessed 9-March-2017]}
}

@misc{azureservicebus,
  author = {{Microsoft}},
  title = {Service Bus Documentation},
  year = {2017},
  url = {https://docs.microsoft.com/en-us/azure/service-bus/},
  note = {[Online; accessed 6-March-2017]}
}

% Google Scholar bibliography

@inproceedings{gilmore1994pepa,
  title={The PEPA workbench: A tool to support a process algebra-based approach to performance modelling},
  author={Gilmore, Stephen and Hillston, Jane},
  booktitle={International Conference on Modelling Techniques and Tools for Computer Performance Evaluation},
  pages={353--368},
  year={1994},
  organization={Springer}
}

@article{gilly2011up,
  title={An up-to-date survey in web load balancing},
  author={Gilly, Katja and Juiz, Carlos and Puigjaner, Ramon},
  journal={World Wide Web},
  volume={14},
  number={2},
  pages={105--131},
  year={2011},
  publisher={Springer}
}

@article{kamal2016workload,
  title={Workload-aware incremental repartitioning of shared-nothing distributed databases for scalable OLTP applications},
  author={Kamal, Joarder and Murshed, Manzur and Buyya, Rajkumar},
  journal={Future Generation Computer Systems},
  volume={56},
  pages={421--435},
  year={2016},
  publisher={Elsevier}
}

@incollection{gotz1993multiprocessor,
  title={Multiprocessor and distributed system design: The integration of functional specification and performance analysis using stochastic process algebras},
  author={G{\"o}tz, Norbert and Herzog, Ulrich and Rettelbach, Michael},
  booktitle={Performance evaluation of computer and communication systems},
  pages={121--146},
  year={1993},
  publisher={Springer}
}

@article{curry2004message,
  title={Message-oriented middleware},
  author={Curry, Edward},
  journal={Middleware for communications},
  pages={1--28},
  year={2004},
  publisher={John Wiley \& Sons}
}

@article{cattell2011scalable,
  title={Scalable SQL and NoSQL data stores},
  author={Cattell, Rick},
  journal={Acm Sigmod Record},
  volume={39},
  number={4},
  pages={12--27},
  year={2011},
  publisher={ACM}
}

@inproceedings{agrawal2004integrating,
  title={Integrating vertical and horizontal partitioning into automated physical database design},
  author={Agrawal, Sanjay and Narasayya, Vivek and Yang, Beverly},
  booktitle={Proceedings of the 2004 ACM SIGMOD international conference on Management of data},
  pages={359--370},
  year={2004},
  organization={ACM}
}

@article{calheiros2011cloudsim,
  title={CloudSim: a toolkit for modeling and simulation of cloud computing environments and evaluation of resource provisioning algorithms},
  author={Calheiros, Rodrigo N and Ranjan, Rajiv and Beloglazov, Anton and De Rose, C{\'e}sar AF and Buyya, Rajkumar},
  journal={Software: Practice and experience},
  volume={41},
  number={1},
  pages={23--50},
  year={2011},
  publisher={Wiley Online Library}
}

@book{thomas1997using,
  title={Using Markovian process algebra to specify interactions in queueing systems},
  author={Thomas, Nigel and Hillston, Jane},
  year={1997},
  publisher={University of Edinburgh}
}
