@misc{RN1064,
   author = {{Amazon Web Services Inc}},
   title = {Auto Scaling},
   year = {2017},
   url = {https://aws.amazon.com/autoscaling/},
   note= {[Online; accessed 5-March-2017]}
}

@misc{RN1079,
   author = {{Coda Hale}},
   title = {Metrics},
   year = {2014},
   url = {http://metrics.dropwizard.io/3.2.2/},
   note= {[Online; accessed 28-June-2017]}
}

@misc{RN1066,
   author = {{Dan Deeth, Sandvine}},
   title = {HBO GOes Down},
   year = {2014},
   url = {http://www.internetphenomena.com/2014/03/hbo-goes-down/},
   note= {[Online; accessed 15-March-2017]}
}

@misc{RN1067,
   author = {{Nick Pearce, Telegraph}},
   title = {London Olympics 2012: ticket site temporarily crashes as it struggles to cope with second-round demand},
   year = {2011},
   url = {http://www.telegraph.co.uk/sport/olympics/8595834/London-Olympics-2012-ticket-site-temporarily-crashes-as-it-struggles-to-cope-with-second-round-demand.html},
   note= {[Online; accessed 2-March-2017]}
}

@misc{RN1068,
   author = {{The Next Web}},
   title = {iTunes is down for many users around the world},
   year = {2016},
   url = {https://thenextweb.com/apple/2016/09/16/itunes-store-is-down-for-some-users},
   note= {[Online; accessed 15-March-2017]}
}

@inproceedings{RN68,
   author = {Agrawal, Sanjay and Narasayya, Vivek and Yang, Beverly},
   title = {Integrating vertical and horizontal partitioning into automated physical database design},
   booktitle = {Proceedings of the 2004 ACM SIGMOD international conference on Management of data},
   publisher = {ACM},
   pages = {359-370},
   ISBN = {1581138598},
   year = {2004},
   type = {Conference Proceedings}
}

@inbook{RN50,
   author = {Anitha, T. N. and Balakrishna, R.},
   title = {Content-Based Load Balancing Using Web Clusters and Service Rankings},
   booktitle = {Artificial Intelligence and Evolutionary Computations in Engineering Systems},
   publisher = {Springer},
   pages = {1-10},
   year = {2016},
   type = {Book Section}
}

@misc{RN1075,
   author = {Apache},
   title = {Apache Cassandra},
   year = {2017},
   url = {http://cassandra.apache.org/},
   note= {[Online; accessed 28-June-2017]}
}

@misc{RN1074,
   author = {Apache},
   title = {Apache JMeter},
   year = {2017},
   url = {http://jmeter.apache.org},
   note= {[Online; accessed 28-June-2017]}
}

@article{RN46,
   author = {Armbrust, Michael and Fox, Armando and Patterson, David and Lanham, Nick and Trushkowsky, Beth and Trutna, Jesse and Oh, Haruki},
   title = {Scads: Scale-independent storage for social computing applications},
   journal = {arXiv preprint arXiv:0909.1775},
   year = {2009},
   type = {Journal Article}
}

@article{RN52,
   author = {Berg, Freek van den and Postema, Björn F. and Haverkort, Boudewijn R.},
   title = {Evaluating load balancing policies for performance and energy-efficiency},
   journal = {arXiv preprint arXiv:1610.08172},
   year = {2016},
   type = {Journal Article}
}

@article{RN55,
   author = {Bryhni, Haakon and Klovning, Espen and Kure, Oivind},
   title = {A comparison of load balancing techniques for scalable web servers},
   journal = {IEEE network},
   volume = {14},
   number = {4},
   pages = {58-64},
   ISSN = {0890-8044},
   year = {2000},
   type = {Journal Article}
}

@article{RN69,
   author = {Calheiros, Rodrigo N. and Ranjan, Rajiv and Beloglazov, Anton and De Rose, César A. F. and Buyya, Rajkumar},
   title = {CloudSim: a toolkit for modeling and simulation of cloud computing environments and evaluation of resource provisioning algorithms},
   journal = {Software: Practice and experience},
   volume = {41},
   number = {1},
   pages = {23-50},
   ISSN = {1097-024X},
   year = {2011},
   type = {Journal Article}
}

@article{RN1078,
   author = {Carbunaru, Cristina and Yong Meng Teo, Ben and Leong, Tracey and Ho, Tracey},
   title = {Modeling Flash Crowd Performance in Peer-to-Peer File Distribution},
   journal = {Parallel and Distributed Systems, IEEE Transactions on},
   volume = {25},
   number = {10},
   pages = {2617-2626},
   ISSN = {1045-9219},
   DOI = {10.1109/TPDS.2013.220},
   year = {2014},
   type = {Journal Article}
}

@book{RN97,
   author = {Carneiro, Cloves},
   title = {Microservices from day one : build robust and scalable software from the start},
   publisher = {United States : Apress},
   year = {2016},
   type = {Book}
}

@article{RN67,
   author = {Cattell, Rick},
   title = {Scalable SQL and NoSQL data stores},
   journal = {Acm Sigmod Record},
   volume = {39},
   number = {4},
   pages = {12-27},
   ISSN = {0163-5808},
   year = {2011},
   type = {Journal Article}
}

@misc{lisher},
   pages = {108-113},
   DOI= {10.1109/ATNAC.2010.5680247},
   year = {2010},
   type = {Generic}
}

@inproceedings{RN58,
   author = {Cooper, Brian F. and Silberstein, Adam and Tam, Erwin and Ramakrishnan, Raghu and Sears, Russell},
   title = {Benchmarking cloud serving systems with YCSB},
   booktitle = {Proceedings of the 1st ACM symposium on Cloud computing},
   publisher = {ACM},
   pages = {143-154},
   ISBN = {1450300367},
   type = {Conference Proceedings}
}

@article{RN65,
   author = {Curry, Edward},
   title = {Message-oriented middleware},
   journal = {Middleware for communications},
   pages = {1-28},
   year = {2004},
   type = {Journal Article}
}

@article{RN54,
   author = {Day, John D. and Zimmermann, Hubert},
   title = {The OSI reference model},
   journal = {Proceedings of the IEEE},
   volume = {71},
   number = {12},
   pages = {1334-1340},
   ISSN = {0018-9219},
   year = {1983},
   type = {Journal Article}
}

@inproceedings{RN49,
   author = {de Abranches, Marcelo Cerqueira and Solis, Priscila},
   title = {An algorithm based on response time and traffic demands to scale containers on a Cloud Computing system},
   booktitle = {Network Computing and Applications (NCA), 2016 IEEE 15th International Symposium on},
   publisher = {IEEE},
   pages = {343-350},
   ISBN = {1509032169},
   type = {Conference Proceedings}
}

@inproceedings{RN57,
   author = {Dinn, Andrew E.},
   title = {Flexible, dynamic injection of structured advice using byteman},
   booktitle = {Proceedings of the tenth international conference on Aspect-oriented software development companion},
   publisher = {Acm},
   pages = {41-50},
   ISBN = {1450306063},
   type = {Conference Proceedings}
}

@article{RN1045,
   author = {Dragoni, Nicola and Giallorenzo, Saverio and Lafuente, Alberto Lluch and Mazzara, Manuel and Montesi, Fabrizio and Mustafin, Ruslan and Safina, Larisa},
   title = {Microservices: yesterday, today, and tomorrow},
   year = {2016},
   type = {Journal Article}
}

@article{RN1047,
   author = {Dragoni, Nicola and Lanese, Ivan and Larsen, Stephan Thordal and Mazzara, Manuel and Mustafin, Ruslan and Safina, Larisa},
   title = {Microservices: How To Make Your Application Scale},
   year = {2017},
   type = {Journal Article}
}

@article{RN72,
   author = {Espadas, Javier and Molina, Arturo and Jiménez, Guillermo and Molina, Martín and Ramírez, Raúl and Concha, David},
   title = {A tenant-based resource allocation model for scaling Software-as-a-Service applications over cloud computing infrastructures},
   journal = {Future Generation Computer Systems},
   volume = {29},
   number = {1},
   pages = {273-286},
   ISSN = {0167-739X},
   url = {http://ac.els-cdn.com/S0167739X1100210X/1-s2.0-S0167739X1100210X-main.pdf?_tid=e3506398-30a2-11e7-a798-00000aab0f6b&acdnat=1493886361_3c0d379fce7bcb464b9c6b3b78dc1df3},
   year = {2013},
   type = {Journal Article}
}

@book{RN98,
   author = {Familiar, Bob},
   title = {Microservices, IoT, and Azure : leveraging DevOps and microservice architecture to deliver SaaS solutions},
   publisher = {Berkeley, CA : Apress},
   year = {2015},
   type = {Book}
}

@inproceedings{RN62,
   author = {Fang, Wei and Lu, ZhiHui and Wu, Jie and Cao, ZhenYin},
   title = {RPPS: a novel resource prediction and provisioning scheme in cloud data center},
   booktitle = {Services Computing (SCC), 2012 IEEE Ninth International Conference on},
   publisher = {IEEE},
   pages = {609-616},
   ISBN = {1467330493},
   type = {Conference Proceedings}
}

@book{RN80,
   author = {Feitelson, D. G.},
   title = {Workload modeling for computer systems performance evaluation},
   pages = {1-551},
   DOI = {10.1017/CBO9781139939690},
   year = {2015},
   type = {Book}
}

@article{RN64,
   author = {G{\"o}tz, Norbert and Herzog, Ulrich and Rettelbach, Michael},
   title = {Multiprocessor and distributed system design: The integration of functional specification and performance analysis using stochastic process algebras},
   journal = {Performance evaluation of computer and communication systems},
   pages = {121-146},
   year = {1993},
   type = {Journal Article}
}

@inproceedings{RN71,
   author = {Galante, Guilherme and de Bona, Luis Carlos E.},
   title = {A survey on cloud computing elasticity},
   booktitle = {Utility and Cloud Computing (UCC), 2012 IEEE Fifth International Conference on},
   publisher = {IEEE},
   pages = {263-270},
   ISBN = {146734432X},
   type = {Conference Proceedings}
}

@article{RN73,
   author = {Gilly, Katja and Juiz, Carlos and Puigjaner, Ramon},
   title = {An up-to-date survey in web load balancing},
   journal = {World Wide Web},
   volume = {14},
   number = {2},
   pages = {105-131},
   ISSN = {1386-145X},
   year = {2011},
   type = {Journal Article}
}

@article{RN51,
   author = {Gilmore, Stephen and Hillston, Jane},
   title = {The PEPA workbench: A tool to support a process algebra-based approach to performance modelling},
   journal = {Computer performance evaluation modelling techniques and tools},
   pages = {353-368},
   year = {1994},
   type = {Journal Article}
}

@article{RN1048,
   author = {Gilmore, S. and Hillston, J. and Ribaudo, M.},
   title = {An efficient algorithm for aggregating PEPA models},
   journal = {Ieee Transactions On Software Engineering},
   volume = {27},
   number = {5},
   pages = {449-464},
   ISSN = {0098-5589},
   year = {2001},
   type = {Journal Article}
}

@inproceedings{RN45,
   author = {Gong, Zhenhuan and Gu, Xiaohui and Wilkes, John},
   title = {Press: Predictive elastic resource scaling for cloud systems},
   booktitle = {Network and Service Management (CNSM), 2010 International Conference on},
   publisher = {Ieee},
   pages = {9-16},
   ISBN = {1424489091},
   type = {Conference Proceedings}
}

@article{RN77,
   author = {Grozev, Nikolay and Buyya, Rajkumar},
   title = {Multi-cloud provisioning and load distribution for three-tier applications},
   journal = {ACM Transactions on Autonomous and Adaptive Systems (TAAS)},
   volume = {9},
   number = {3},
   pages = {13},
   ISSN = {1556-4665},
   year = {2014},
   type = {Journal Article}
}

@article{RN74,
   author = {Guabtni, Adnene and Ranjan, Rajiv and Rabhi, Fethi A.},
   title = {A workload-driven approach to database query processing in the cloud},
   journal = {The Journal of Supercomputing},
   pages = {1-15},
   ISSN = {0920-8542},
   year = {2013},
   type = {Journal Article}
}

@inproceedings{RN44,
   author = {Guenter, Brian and Jain, Navendu and Williams, Charles},
   title = {Managing cost, performance, and reliability tradeoffs for energy-aware server provisioning},
   booktitle = {INFOCOM, 2011 Proceedings IEEE},
   publisher = {IEEE},
   pages = {1332-1340},
   ISBN = {1424499216},
   type = {Conference Proceedings}
}

@inproceedings{RN66,
   author = {Hecht, Robin and Jablonski, Stefan},
   title = {NoSQL evaluation: A use case oriented survey},
   booktitle = {Cloud and Service Computing (CSC), 2011 International Conference on},
   publisher = {IEEE},
   pages = {336-341},
   ISBN = {1457716372},
   type = {Conference Proceedings}
}

@article{RN1051,
   author = {Hillston, J.},
   title = {A compositional approach to performance modelling},
   journal = {Computers \& Mathematics with Applications},
   volume = {32},
   number = {6},
   pages = {136},
   ISSN = {08981221},
   DOI = {10.1016/S0898-1221(96)90267-9},
   year = {1996},
   type = {Journal Article}
}

@article{RN63,
   author = {Kamal, Joarder and Murshed, Manzur and Buyya, Rajkumar},
   title = {Workload-aware incremental repartitioning of shared-nothing distributed databases for scalable OLTP applications},
   journal = {Future Generation Computer Systems},
   volume = {56},
   pages = {421-435},
   ISSN = {0167-739X},
   year = {2016},
   type = {Journal Article}
}

@inproceedings{RN76,
   author = {Kaveri, Parag Ravikant and Chavan, Vinay},
   title = {Mathematical model for higher utilization of database resources in cloud computing},
   booktitle = {Engineering (NUiCONE), 2013 Nirma University International Conference on},
   publisher = {IEEE},
   pages = {1-5},
   ISBN = {1479907278},
   type = {Conference Proceedings}
}

@article{RN61,
   author = {Kirschnick, Johannes and Calero, Jose M. Alcaraz and Wilcock, Lawrence and Edwards, Nigel},
   title = {Toward an architecture for the automated provisioning of cloud services},
   journal = {IEEE Communications Magazine},
   volume = {48},
   number = {12},
   pages = {124-131},
   ISSN = {0163-6804},
   year = {2010},
   type = {Journal Article}
}

@article{RN1050,
   author = {Lakshman, Avinash and Malik, Prashant},
   title = {Cassandra: a decentralized structured storage system},
   journal = {ACM SIGOPS Operating Systems Review},
   volume = {44},
   number = {2},
   pages = {35-40},
   ISSN = {0163-5980},
   DOI = {10.1145/1773912.1773922},
   year = {2010},
   type = {Journal Article}
}

@misc{RN1069,
   author = {Lewis, James and Fowler, Martin},
   title = {Microservices},
   year = {2014},
   url = {martinfowler.com},
   note= {[Online; accessed 5-March-2017]}
}

@inproceedings{RN48,
   author = {Lim, Harold C. and Babu, Shivnath and Chase, Jeffrey S.},
   title = {Automated control for elastic storage},
   booktitle = {Proceedings of the 7th international conference on Autonomic computing},
   publisher = {ACM},
   pages = {1-10},
   ISBN = {145030074X},
   type = {Conference Proceedings}
}

@inproceedings{RN70,
   author = {Long, Saiqin and Zhao, Yuelong},
   title = {A toolkit for modeling and simulating cloud data storage: An extension to cloudsim},
   booktitle = {Control Engineering and Communication Technology (ICCECT), 2012 International Conference on},
   publisher = {IEEE},
   pages = {597-600},
   ISBN = {1467344990},
   type = {Conference Proceedings}
}

@inproceedings{RN60,
   author = {Meisner, David and Wenisch, Thomas F.},
   title = {Stochastic queuing simulation for data center workloads},
   booktitle = {Exascale Evaluation and Research Techniques Workshop},
   type = {Conference Proceedings}
}

@article{RN56,
   author = {Mell, Peter and Grance, Tim},
   title = {The NIST definition of cloud computing},
   year = {2011},
   type = {Journal Article}
}

@misc{RN1072,
   author = {Microsoft},
   title = {Azure Storage Documentation},
   year = {2017},
   url = {https://docs.microsoft.com/en-us/azure/storage/},
   note= {[Online; accessed 27-July-2017]}
}

@misc{RN1065,
   author = {Microsoft},
   title = {Virtual Machine Scale Sets},
   year = {2017},
   url = {https://azure.microsoft.com/en-us/services/virtual-machine-scale-sets/},
   note= {[Online; accessed 5-March-2017]}
}

@misc{RN1076,
   author = {Pivotal},
   title = {Spring},
   year = {2017},
   url = {http://spring.io/},
   note= {[Online; accessed 28-June-2017]}
}

@misc{RN1070,
   author = {Posta, Christian},
   title = {Carving the Java EE Monolith Into Microservices: Prefer Verticals Not Layers},
   year = {2016},
   url = {http://blog.christianposta.com/microservices/carving-the-java-ee-monolith-into-microservices-perfer-verticals-not-layers/},
   note= {[Online; accessed 9-March-2017]}
}

@misc{RN1071,
   author = {Posta, Christian},
   title = {The Hardest Part About Microservices: Your Data},
   year = {2016},
   url = {https://developers.redhat.com/blog/2016/08/02/the-hardest-part-about-microservices-your-data/},
   note= {[Online; accessed 5-March-2017]}
}

@misc{RN1073,
   author = {Shephard, Stephen},
   title = {Performance modelling and simulation of skewed demand in complex systems},
   year = {2017},
   url = {https://github.com/sshephard2/skewed-modelling},
   note= {[Online; accessed 28-June-2017]}
}

@article{RN1049,
   author = {Thomas, N.},
   title = {Comparing job allocation schemes where service demand is unknown},
   journal = {Journal Of Computer And System Sciences},
   volume = {74},
   number = {6},
   pages = {1067-1081},
   ISSN = {0022-0000},
   DOI = {10.1016/j.jcss.2007.07.009},
   year = {2008},
   type = {Journal Article}
}

@book{RN75,
   author = {Thomas, Nigel and Hillston, Jane},
   title = {Using Markovian process algebra to specify interactions in queueing systems},
   publisher = {University of Edinburgh},
   year = {1997},
   type = {Book}
}

@inproceedings{RN47,
   author = {Urgaonkar, Bhuvan and Pacifici, Giovanni and Shenoy, Prashant and Spreitzer, Mike and Tantawi, Asser},
   title = {An analytical model for multi-tier internet services and its applications},
   booktitle = {ACM SIGMETRICS Performance Evaluation Review},
   publisher = {ACM},
   volume = {33},
   pages = {291-302},
   ISBN = {1595930221},
   type = {Conference Proceedings}
}

@article{RN43,
   author = {Urgaonkar, Bhuvan and Shenoy, Prashant and Roscoe, Timothy},
   title = {Resource overbooking and application profiling in shared hosting platforms},
   journal = {ACM SIGOPS Operating Systems Review},
   volume = {36},
   number = {SI},
   pages = {239-254},
   ISSN = {0163-5980},
   year = {2002},
   type = {Journal Article}
}

@article{RN59,
   author = {Villela, Daniel and Pradhan, Prashant and Rubenstein, Dan},
   title = {Provisioning servers in the application tier for e-commerce systems},
   journal = {ACM Transactions on Internet Technology (TOIT)},
   volume = {7},
   number = {1},
   pages = {7},
   ISSN = {1533-5399},
   year = {2007},
   type = {Journal Article}
}

@article{RN1046,
   author = {Zimmermann, Olaf},
   title = {Microservices tenets: Agile approach to service development and deployment},
   journal = {Computer Science - Research and Development},
   ISSN = {1865-2034},
   DOI = {10.1007/s00450-016-0337-0},
   year = {2016},
   type = {Journal Article}
}

@article{RN1080,
   author = {Tribastone, Mirco and Duguid, Adam and Gilmore, Stephen},
   title = {The PEPA eclipse plugin},
   journal = {ACM SIGMETRICS Performance Evaluation Review},
   volume = {36},
   number = {4},
   pages = {28-33},
   ISSN = {0163-5999},
   DOI = {10.1145/1530873.1530880},
   year = {2009},
   type = {Journal Article}
}

@article{RN230,
   author = {Rubenstein, Dan and Sahu, Sambit},
   title = {Can unstructured P2P protocols survive flash crowds?},
   journal = {IEEE/ACM Transactions on Networking},
   volume = {13},
   number = {3},
   pages = {501-512},
   ISSN = {1063-6692},
   year = {2005},
   type = {Journal Article}
}